@article{siegelmann1995computational,
  title={On the computational power of neural nets},
  author={Siegelmann, H.T. and Sontag, E.D.},
  journal={Journal of computer and system sciences},
  volume={50},
  number={1},
  pages={132--150},
  year={1995},
  publisher={Elsevier}
}

@article{sutskever2008deep,
  title={Deep, narrow sigmoid belief networks are universal approximators},
  author={Sutskever, I. and Hinton, G.E.},
  journal={Neural Computation},
  volume={20},
  number={11},
  pages={2629--2636},
  year={2008},
  publisher={MIT Press}
}

@article{le2010deep,
  title={Deep belief networks are compact universal approximators},
  author={Le Roux, N. and Bengio, Y.},
  journal={Neural computation},
  volume={22},
  number={8},
  pages={2192--2207},
  year={2010},
  publisher={MIT Press}
}

@article{baldi2012autoencoders,
  title={Autoencoders, unsupervised learning, and deep architectures},
  author={Baldi, P.},
  journal={Journal of Machine Learning Research},
  year={2012}
}

@inproceedings{krizhevsky2012imagenet,
  title={ImageNet classification with deep convolutional neural networks},
  author={Krizhevsky, A. and Sutskever, I. and Hinton, G.},
  booktitle={Advances in Neural Information Processing Systems 25},
  pages={1106--1114},
  year={2012}
}

@article{alain2012regularized,
  title={Regularized Auto-Encoders Estimate Local Statistics},
  author={Alain, G. and Bengio, Y. and Rifai, S.},
  journal={arXiv preprint arXiv:1211.4246},
  year={2012}
}
