@article{siegelmann1995computational,
  title={On the computational power of neural nets},
  author={Siegelmann, H.T. and Sontag, E.D.},
  journal={Journal of computer and system sciences},
  volume={50},
  number={1},
  pages={132--150},
  year={1995},
  publisher={Elsevier}
}

@article{sutskever2008deep,
  title={Deep, narrow sigmoid belief networks are universal approximators},
  author={Sutskever, I. and Hinton, G.E.},
  journal={Neural Computation},
  volume={20},
  number={11},
  pages={2629--2636},
  year={2008},
  publisher={MIT Press}
}

@article{le2010deep,
  title={Deep belief networks are compact universal approximators},
  author={Le Roux, N. and Bengio, Y.},
  journal={Neural computation},
  volume={22},
  number={8},
  pages={2192--2207},
  year={2010},
  publisher={MIT Press}
}

@article{baldi2012autoencoders,
  title={Autoencoders, unsupervised learning, and deep architectures},
  author={Baldi, P.},
  journal={Journal of Machine Learning Research},
  year={2012}
}

@inproceedings{krizhevsky2012imagenet,
  title={ImageNet classification with deep convolutional neural networks},
  author={Krizhevsky, A. and Sutskever, I. and Hinton, G.},
  booktitle={Advances in Neural Information Processing Systems 25},
  pages={1106--1114},
  year={2012}
}

@article{alain2012regularized,
  title={Regularized Auto-Encoders Estimate Local Statistics},
  author={Alain, G. and Bengio, Y. and Rifai, S.},
  journal={arXiv preprint arXiv:1211.4246},
  year={2012}
}

@article{bourlard1988auto,
  title={Auto-association by multilayer perceptrons and singular value decomposition},
  author={Bourlard, Herv{\'e} and Kamp, Yves},
  journal={Biological cybernetics},
  volume={59},
  number={4},
  pages={291--294},
  year={1988},
  publisher={Springer}
}

@article{le2011building,
  title={Building high-level features using large scale unsupervised learning},
  author={Le, Quoc V and Monga, Rajat and Devin, Matthieu and Corrado, Greg and Chen, Kai and Ranzato, Marc'Aurelio and Dean, Jeff and Ng, Andrew Y},
  journal={arXiv preprint arXiv:1112.6209},
  year={2011}
}

@article{hinton2006fast,
  title={A fast learning algorithm for deep belief nets},
  author={Hinton, Geoffrey E and Osindero, Simon and Teh, Yee-Whye},
  journal={Neural computation},
  volume={18},
  number={7},
  pages={1527--1554},
  year={2006},
  publisher={MIT Press}
}

@inproceedings{lee2009convolutional,
  title={Convolutional deep belief networks for scalable unsupervised learning of hierarchical representations},
  author={Lee, Honglak and Grosse, Roger and Ranganath, Rajesh and Ng, Andrew Y},
  booktitle={Proceedings of the 26th Annual International Conference on Machine Learning},
  pages={609--616},
  year={2009},
  organization={ACM}
}

@misc{lecun1998mnist,
  title={The MNIST database of handwritten digits},
  author={LeCun, Yann and Cortes, Corinna},
  year={1998}
}

@misc{ufldl-tutorial,
  title={{UFLDL} Tutorial},
  author={Ng, Andrew and Ngiam, Jiquan and Foo, Chuan Yu and Mai, Yifan and Suen, Caroline},
  howpublished="\url{http://ufldl.stanford.edu/wiki/index.php/UFLDL_Tutorial}"
}

